@article{van,
title={LXXXVIII. On “relaxation-oscillations”},
author={Van der Pol, Balth},
journal={The London, Edinburgh, and Dublin Philosophical Magazine and Journal of Science},
volume={2},
number={11},
pages={978--992},
year={1926},
publisher={Taylor \& Francis}
},
@article{fitz,
title={Impulses and physiological states in theoretical models of nerve membrane},
author={FitzHugh, Richard},
journal={Biophysical journal},
volume={1},
number={6},
pages={445},
year={1961},
publisher={The Biophysical Society}
},
@article{nagumo1962,
title={An active pulse transmission line simulating nerve axon},
author={Nagumo, Jinichi and Arimoto, Suguru and Yoshizawa, Shuji},
journal={Proceedings of the IRE},
volume={50},
number={10},
pages={2061--2070},
year={1962},
publisher={IEEE}
},
@article{seis,
title={Dynamics of elastic excitable media},
author={Cartwright, Julyan HE and Egu{\'\i}luz, V{\'\i}ctor M and Hern{\'a}ndez-Garc{\'\i}a, Emilio and Piro, Oreste},
journal={International Journal of Bifurcation and Chaos},
volume={9},
number={11},
pages={2197--2202},
year={1999},
publisher={World Scientific}
},
@inproceedings{phonation,
title={Modeling vocal fold asymmetries with coupled van der Pol oscillators},
author={Lucero, Jorge C and Schoentgen, Jean},
booktitle={Proceedings of Meetings on Acoustics},
volume={19},
number={1},
pages={060165},
year={2013},
organization={Acoustical Society of America}
},
